@article {S75,
    AUTHOR = {Solomon, Fred},
     TITLE = {Random walks in a random environment},
   JOURNAL = {Ann. Probability},
    VOLUME = {3},
      YEAR = {1975},
     PAGES = {1--31},
   MRCLASS = {60J15},
  MRNUMBER = {0362503},
MRREVIEWER = {V. K. Rohatgi},
}

@article {KKS75,
    AUTHOR = {Kesten, H. and Kozlov, M. V. and Spitzer, F.},
     TITLE = {A limit law for random walk in a random environment},
   JOURNAL = {Compositio Math.},
  FJOURNAL = {Compositio Mathematica},
    VOLUME = {30},
      YEAR = {1975},
     PAGES = {145--168},
      ISSN = {0010-437X},
   MRCLASS = {60J15 (60F05 60J80)},
  MRNUMBER = {0380998},
MRREVIEWER = {K. B. Erickson},
}

@article {S82,
    AUTHOR = {Sina\u\i , Ya. G.},
     TITLE = {The limit behavior of a one-dimensional random walk in a
              random environment},
   JOURNAL = {Teor. Veroyatnost. i Primenen.},
  FJOURNAL = {Akademiya Nauk SSSR. Teoriya Veroyatnoste\u\i  i ee Primeneniya},
    VOLUME = {27},
      YEAR = {1982},
    NUMBER = {2},
     PAGES = {247--258},
      ISSN = {0040-361X},
   MRCLASS = {60J15 (58F11 60K35 82A42 82A70)},
  MRNUMBER = {657919},
MRREVIEWER = {F. L. Spitzer},
}

@article {GH94,
    AUTHOR = {Greven, Andreas and den Hollander, Frank},
     TITLE = {Large deviations for a random walk in random environment},
   JOURNAL = {Ann. Probab.},
  FJOURNAL = {The Annals of Probability},
    VOLUME = {22},
      YEAR = {1994},
    NUMBER = {3},
     PAGES = {1381--1428},
      ISSN = {0091-1798},
   MRCLASS = {60J15 (60F10 60K35 82C44)},
  MRNUMBER = {1303649},
MRREVIEWER = {Thomas Polaski},
       URL =
              {http://links.jstor.org/sici?sici=0091-1798(199407)22:3<1381:LDFARW>2.0.CO;2-P&origin=MSN},
}

@article {GZ98,
    AUTHOR = {Gantert, Nina and Zeitouni, Ofer},
     TITLE = {Quenched sub-exponential tail estimates for one-dimensional
              random walk in random environment},
   JOURNAL = {Comm. Math. Phys.},
  FJOURNAL = {Communications in Mathematical Physics},
    VOLUME = {194},
      YEAR = {1998},
    NUMBER = {1},
     PAGES = {177--190},
      ISSN = {0010-3616},
   MRCLASS = {60K35 (60F10 60J15 82C44)},
  MRNUMBER = {1628294},
MRREVIEWER = {Didier Piau},
       DOI = {10.1007/s002200050354},
       URL = {https://doi.org/10.1007/s002200050354},
}

@article {A99,
    AUTHOR = {Alili, S.},
     TITLE = {Asymptotic behaviour for random walks in random environments},
   JOURNAL = {J. Appl. Probab.},
  FJOURNAL = {Journal of Applied Probability},
    VOLUME = {36},
      YEAR = {1999},
    NUMBER = {2},
     PAGES = {334--349},
      ISSN = {0021-9002},
   MRCLASS = {60K37 (60F05 60F15 60G50)},
  MRNUMBER = {1724844},
MRREVIEWER = {Alexandre S. Gajrat},
}

@article {G02,
    AUTHOR = {Gantert, Nina},
     TITLE = {Subexponential tail asymptotics for a random walk with
              randomly placed one-way nodes},
   JOURNAL = {Ann. Inst. H. Poincar\'e Probab. Statist.},
  FJOURNAL = {Annales de l'Institut Henri Poincar\'e. Probabilit\'es et
              Statistiques},
    VOLUME = {38},
      YEAR = {2002},
    NUMBER = {1},
     PAGES = {1--16},
      ISSN = {0246-0203},
   MRCLASS = {60K37 (60F10 60J10 82C41 82C44)},
  MRNUMBER = {1899228},
MRREVIEWER = {Yueyun Hu},
       DOI = {10.1016/S0246-0203(01)01090-1},
       URL = {https://doi.org/10.1016/S0246-0203(01)01090-1},
}

@article {GS02,
    AUTHOR = {Gantert, Nina and Shi, Zhan},
     TITLE = {Many visits to a single site by a transient random walk in
              random environment},
   JOURNAL = {Stochastic Process. Appl.},
  FJOURNAL = {Stochastic Processes and their Applications},
    VOLUME = {99},
      YEAR = {2002},
    NUMBER = {2},
     PAGES = {159--176},
      ISSN = {0304-4149},
   MRCLASS = {60K37 (60G50 60J55 60J80)},
  MRNUMBER = {1901151},
MRREVIEWER = {Ilie A. Grigorescu},
       DOI = {10.1016/S0304-4149(02)00089-3},
       URL = {https://doi.org/10.1016/S0304-4149(02)00089-3},
}

@article {MRZ04,
    AUTHOR = {Mayer-Wolf, Eddy and Roitershtein, Alexander and Zeitouni,
              Ofer},
     TITLE = {Limit theorems for one-dimensional transient random walks in
              {M}arkov environments},
   JOURNAL = {Ann. Inst. H. Poincar\'e Probab. Statist.},
  FJOURNAL = {Annales de l'Institut Henri Poincar\'e. Probabilit\'es et
              Statistiques},
    VOLUME = {40},
      YEAR = {2004},
    NUMBER = {5},
     PAGES = {635--659},
      ISSN = {0246-0203},
   MRCLASS = {60K37 (60F05 60J05 60J80)},
  MRNUMBER = {2086017},
MRREVIEWER = {Nikita Y. Ratanov},
       DOI = {10.1016/j.anihpb.2004.01.003},
       URL = {https://doi.org/10.1016/j.anihpb.2004.01.003},
}

@article {G07,
    AUTHOR = {Goldsheid, Ilya Ya.},
     TITLE = {Simple transient random walks in one-dimensional random
              environment: the central limit theorem},
   JOURNAL = {Probab. Theory Related Fields},
  FJOURNAL = {Probability Theory and Related Fields},
    VOLUME = {139},
      YEAR = {2007},
    NUMBER = {1-2},
     PAGES = {41--64},
      ISSN = {0178-8051},
   MRCLASS = {60K37 (60F05 60J05 82C44)},
  MRNUMBER = {2322691},
MRREVIEWER = {Serguei Popov},
       DOI = {10.1007/s00440-006-0038-x},
       URL = {https://doi.org/10.1007/s00440-006-0038-x},
}

@book {P08,
    AUTHOR = {Peterson, Jonathon Robert},
     TITLE = {Limiting distributions and large deviations for random walks
              in random environments},
      NOTE = {Thesis (Ph.D.)--University of Minnesota},
 PUBLISHER = {ProQuest LLC, Ann Arbor, MI},
      YEAR = {2008},
     PAGES = {141},
      ISBN = {978-0549-71804-8},
   MRCLASS = {Thesis},
  MRNUMBER = {2711962},
       URL =
              {http://gateway.proquest.com/openurl?url_ver=Z39.88-2004&rft_val_fmt=info:ofi/fmt:kev:mtx:dissertation&res_dat=xri:pqdiss&rft_dat=xri:pqdiss:3321925},
}
@article {CZ04,
    AUTHOR = {Comets, Francis and Zeitouni, Ofer},
     TITLE = {A law of large numbers for random walks in random mixing
              environments},
   JOURNAL = {Ann. Probab.},
  FJOURNAL = {The Annals of Probability},
    VOLUME = {32},
      YEAR = {2004},
    NUMBER = {1B},
     PAGES = {880--914},
      ISSN = {0091-1798},
   MRCLASS = {60K40 (60F15 60K37 82B41 82B44 82D30)},
  MRNUMBER = {2039946},
MRREVIEWER = {Fabio P. Machado},
       DOI = {10.1214/aop/1079021467},
       URL = {https://doi.org/10.1214/aop/1079021467},
}

@incollection {Z04,
    AUTHOR = {Zeitouni, Ofer},
     TITLE = {Random walks in random environment},
 BOOKTITLE = {Lectures on probability theory and statistics},
    SERIES = {Lecture Notes in Math.},
    VOLUME = {1837},
     PAGES = {189--312},
 PUBLISHER = {Springer, Berlin},
      YEAR = {2004},
   MRCLASS = {60K37 (60F05 60F10 60F15 60G50 82B41 82B44)},
  MRNUMBER = {2071631},
MRREVIEWER = {Utkir Rozikov},
       DOI = {10.1007/978-3-540-39874-5_2},
       URL = {https://doi.org/10.1007/978-3-540-39874-5_2},
}

@incollection {Z12,
    AUTHOR = {Zeitouni, Ofer},
     TITLE = {Random walks in random environment},
 BOOKTITLE = {Computational complexity. {V}ols. 1--6},
     PAGES = {2564--2577},
 PUBLISHER = {Springer, New York},
      YEAR = {2012},
   MRCLASS = {Expansion},
  MRNUMBER = {3074632},
       DOI = {10.1007/978-1-4614-1800-9_157},
       URL = {https://doi.org/10.1007/978-1-4614-1800-9_157},
}

@article {PS13,
    AUTHOR = {Peterson, Jonathon and Samorodnitsky, Gennady},
     TITLE = {Weak quenched limiting distributions for transient
              one-dimensional random walk in a random environment},
   JOURNAL = {Ann. Inst. Henri Poincar\'e Probab. Stat.},
  FJOURNAL = {Annales de l'Institut Henri Poincar\'e Probabilit\'es et
              Statistiques},
    VOLUME = {49},
      YEAR = {2013},
    NUMBER = {3},
     PAGES = {722--752},
      ISSN = {0246-0203},
   MRCLASS = {60K37 (60F05 60G55)},
  MRNUMBER = {3112432},
       DOI = {10.1214/11-AIHP474},
       URL = {https://doi.org/10.1214/11-AIHP474},
}

@article {P15,
    AUTHOR = {Peterson, Jonathon},
     TITLE = {Strong transience of one-dimensional random walk in a random
              environment},
   JOURNAL = {Electron. Commun. Probab.},
  FJOURNAL = {Electronic Communications in Probability},
    VOLUME = {20},
      YEAR = {2015},
     PAGES = {no. 67, 10},
      ISSN = {1083-589X},
   MRCLASS = {60K37 (60G50)},
  MRNUMBER = {3407211},
       DOI = {10.1214/ECP.v20-4352},
       URL = {https://doi.org/10.1214/ECP.v20-4352},
}

@article {AP16,
    AUTHOR = {Ahn, Sung Won and Peterson, Jonathon},
     TITLE = {Oscillations of quenched slowdown asymptotics for ballistic
              one-dimensional random walk in a random environment},
   JOURNAL = {Electron. J. Probab.},
  FJOURNAL = {Electronic Journal of Probability},
    VOLUME = {21},
      YEAR = {2016},
     PAGES = {Paper No. 16, 27},
      ISSN = {1083-6489},
   MRCLASS = {60K37 (60F10 60G50)},
  MRNUMBER = {3485358},
MRREVIEWER = {Marcel Ortgiese},
       DOI = {10.1214/16-EJP4529},
       URL = {https://doi.org/10.1214/16-EJP4529},
}

@article {CGZ00,
    AUTHOR = {Comets, Francis and Gantert, Nina and Zeitouni, Ofer},
     TITLE = {Quenched, annealed and functional large deviations for
              one-dimensional random walk in random environment},
   JOURNAL = {Probab. Theory Related Fields},
  FJOURNAL = {Probability Theory and Related Fields},
    VOLUME = {118},
      YEAR = {2000},
    NUMBER = {1},
     PAGES = {65--114},
      ISSN = {0178-8051},
   MRCLASS = {60G50 (60F10 60K37 82C44)},
  MRNUMBER = {1785454},
MRREVIEWER = {Lajos Horv\'ath},
       DOI = {10.1007/s004400000074},
       URL = {https://doi.org/10.1007/s004400000074},
}

@article {G15,
    AUTHOR = {Gao, Fuqing},
     TITLE = {Laws of iterated logarithm for transient random walks in
              random environments},
   JOURNAL = {Front. Math. China},
  FJOURNAL = {Frontiers of Mathematics in China},
    VOLUME = {10},
      YEAR = {2015},
    NUMBER = {4},
     PAGES = {857--874},
      ISSN = {1673-3452},
   MRCLASS = {60K37 (60F15)},
  MRNUMBER = {3352890},
MRREVIEWER = {Yueyun Hu},
       DOI = {10.1007/s11464-015-0481-z},
       URL = {https://doi.org/10.1007/s11464-015-0481-z},
}

@article {DG13,
    AUTHOR = {Dolgopyat, D. and Goldsheid, I.},
     TITLE = {Local {L}imit {T}heorems for random walks in a 1{D} random
              environment},
   JOURNAL = {Arch. Math. (Basel)},
  FJOURNAL = {Archiv der Mathematik},
    VOLUME = {101},
      YEAR = {2013},
    NUMBER = {2},
     PAGES = {191--200},
      ISSN = {0003-889X},
   MRCLASS = {60K37 (60F05 60G50)},
  MRNUMBER = {3089775},
MRREVIEWER = {Zhiqiang Gao},
       DOI = {10.1007/s00013-013-0547-7},
       URL = {https://doi.org/10.1007/s00013-013-0547-7},
}

@article {DG12,
    AUTHOR = {Dolgopyat, D. and Goldsheid, I.},
     TITLE = {Quenched limit theorems for nearest neighbour random walks in
              1{D} random environment},
   JOURNAL = {Comm. Math. Phys.},
  FJOURNAL = {Communications in Mathematical Physics},
    VOLUME = {315},
      YEAR = {2012},
    NUMBER = {1},
     PAGES = {241--277},
      ISSN = {0010-3616},
   MRCLASS = {60K37},
  MRNUMBER = {2966946},
       DOI = {10.1007/s00220-012-1539-3},
       URL = {https://doi.org/10.1007/s00220-012-1539-3},
}

@article {ESTZ13,
    AUTHOR = {Enriquez, Nathana\"el and Sabot, Christophe and Tournier,
              Laurent and Zindy, Olivier},
     TITLE = {Quenched limits for the fluctuations of transient random walks
              in random environment on {$\Bbb Z^1$}},
   JOURNAL = {Ann. Appl. Probab.},
  FJOURNAL = {The Annals of Applied Probability},
    VOLUME = {23},
      YEAR = {2013},
    NUMBER = {3},
     PAGES = {1148--1187},
      ISSN = {1050-5164},
   MRCLASS = {60K37 (60F05 60G50 60G55)},
  MRNUMBER = {3076681},
MRREVIEWER = {Jonathon R. Peterson},
       DOI = {10.1214/12-AAP867},
       URL = {https://doi.org/10.1214/12-AAP867},
}

@article {PZ09,
    AUTHOR = {Peterson, Jonathon and Zeitouni, Ofer},
     TITLE = {Quenched limits for transient, zero speed one-dimensional
              random walk in random environment},
   JOURNAL = {Ann. Probab.},
  FJOURNAL = {The Annals of Probability},
    VOLUME = {37},
      YEAR = {2009},
    NUMBER = {1},
     PAGES = {143--188},
      ISSN = {0091-1798},
   MRCLASS = {60K37 (60F05 82C41 92D30)},
  MRNUMBER = {2489162},
MRREVIEWER = {Firas Rassoul-Agha},
       DOI = {10.1214/08-AOP399},
       URL = {https://doi.org/10.1214/08-AOP399},
}

@book {R05,
    AUTHOR = {R\'ev\'esz, P\'al},
     TITLE = {Random walk in random and non-random environments},
   EDITION = {Second},
 PUBLISHER = {World Scientific Publishing Co. Pte. Ltd., Hackensack, NJ},
      YEAR = {2005},
     PAGES = {xvi+380},
      ISBN = {981-256-361-X},
   MRCLASS = {60-02 (60G50 60J55 60K37 82B41 82B44)},
  MRNUMBER = {2168855},
MRREVIEWER = {Ofer Zeitouni},
       DOI = {10.1142/9789812703361},
       URL = {https://doi.org/10.1142/9789812703361},
}

@article {HS982,
    AUTHOR = {Hu, Yueyun and Shi, Zhan},
     TITLE = {The limits of {S}inai's simple random walk in random
              environment},
   JOURNAL = {Ann. Probab.},
  FJOURNAL = {The Annals of Probability},
    VOLUME = {26},
      YEAR = {1998},
    NUMBER = {4},
     PAGES = {1477--1521},
      ISSN = {0091-1798},
   MRCLASS = {60K35 (60G50 60J60 60K37)},
  MRNUMBER = {1675031},
MRREVIEWER = {Kiyoshi Kawazu},
       DOI = {10.1214/aop/1022855871},
       URL = {https://doi.org/10.1214/aop/1022855871},
}

@article {HS98,
    AUTHOR = {Hu, Yueyun and Shi, Zhan},
     TITLE = {The local time of simple random walk in random environment},
   JOURNAL = {J. Theoret. Probab.},
  FJOURNAL = {Journal of Theoretical Probability},
    VOLUME = {11},
      YEAR = {1998},
    NUMBER = {3},
     PAGES = {765--793},
      ISSN = {0894-9840},
   MRCLASS = {60J15 (60F05 60F20 60K05 60K35)},
  MRNUMBER = {1633399},
MRREVIEWER = {Kiyoshi Kawazu},
       DOI = {10.1023/A:1022658732480},
       URL = {https://doi.org/10.1023/A:1022658732480},
}

@article {K86,
    AUTHOR = {Kesten, Harry},
     TITLE = {The limit distribution of {S}ina\u{i}'s random walk in random
              environment},
   JOURNAL = {Phys. A},
  FJOURNAL = {Physica A. Statistical and Theoretical Physics},
    VOLUME = {138},
      YEAR = {1986},
    NUMBER = {1-2},
     PAGES = {299--309},
      ISSN = {0378-4371},
   MRCLASS = {60J15 (82A42)},
  MRNUMBER = {865247},
MRREVIEWER = {Gregory F. Lawler},
       DOI = {10.1016/0378-4371(86)90186-X},
       URL = {https://doi.org/10.1016/0378-4371(86)90186-X},
}

@article {P09,
    AUTHOR = {Peterson, Jonathon},
     TITLE = {Quenched limits for transient, ballistic, sub-{G}aussian
              one-dimensional random walk in random environment},
   JOURNAL = {Ann. Inst. Henri Poincar\'{e} Probab. Stat.},
  FJOURNAL = {Annales de l'Institut Henri Poincar\'{e} Probabilit\'{e}s et
              Statistiques},
    VOLUME = {45},
      YEAR = {2009},
    NUMBER = {3},
     PAGES = {685--709},
      ISSN = {0246-0203},
   MRCLASS = {60K37 (60F05 82C41)},
  MRNUMBER = {2548499},
MRREVIEWER = {Cl\'{e}ment Dombry},
       DOI = {10.1214/08-AIHP149},
       URL = {https://doi.org/10.1214/08-AIHP149},
}

@article {LP92,
    AUTHOR = {Lyons, Russell and Pemantle, Robin},
     TITLE = {Correction: ``{R}andom walk in a random environment and
              first-passage percolation on trees'' [{A}nn. {P}robab. {\bf
              20} (1992), no. 1, 125--136; {MR}1143414 (93c:60103)]},
   JOURNAL = {Ann. Probab.},
  FJOURNAL = {The Annals of Probability},
    VOLUME = {31},
      YEAR = {2003},
    NUMBER = {1},
     PAGES = {528--529},
      ISSN = {0091-1798},
   MRCLASS = {60K37 (60F10 60K35 82B43)},
  MRNUMBER = {1959801},
}

@incollection {MP02,
    AUTHOR = {Menshikov, Mikhail and Petritis, Dimitri},
     TITLE = {On random walks in random environment on trees and their
              relationship with multiplicative chaos},
 BOOKTITLE = {Mathematics and computer science, {II} ({V}ersailles, 2002)},
    SERIES = {Trends Math.},
     PAGES = {415--422},
 PUBLISHER = {Birkh\"{a}user, Basel},
      YEAR = {2002},
   MRCLASS = {60K37 (82B41 82B44)},
  MRNUMBER = {1940150},
MRREVIEWER = {Flora Koukiou},
}

@article {HS07,
    AUTHOR = {Hu, Yueyun and Shi, Zhan},
     TITLE = {A subdiffusive behaviour of recurrent random walk in random
              environment on a regular tree},
   JOURNAL = {Probab. Theory Related Fields},
  FJOURNAL = {Probability Theory and Related Fields},
    VOLUME = {138},
      YEAR = {2007},
    NUMBER = {3-4},
     PAGES = {521--549},
      ISSN = {0178-8051},
   MRCLASS = {60K37 (60G50)},
  MRNUMBER = {2299718},
MRREVIEWER = {Dimitri Petritis},
       DOI = {10.1007/s00440-006-0036-z},
       URL = {https://doi.org/10.1007/s00440-006-0036-z},
}

@article {HS072,
    AUTHOR = {Hu, Yueyun and Shi, Zhan},
     TITLE = {Slow movement of random walk in random environment on a
              regular tree},
   JOURNAL = {Ann. Probab.},
  FJOURNAL = {The Annals of Probability},
    VOLUME = {35},
      YEAR = {2007},
    NUMBER = {5},
     PAGES = {1978--1997},
      ISSN = {0091-1798},
   MRCLASS = {60K37 (60G50 60J80)},
  MRNUMBER = {2349581},
MRREVIEWER = {David A. Croydon},
       DOI = {10.1214/009117906000001150},
       URL = {https://doi.org/10.1214/009117906000001150},
}

@article {ABD14,
    AUTHOR = {Athreya, Siva and Bandyopadhyay, Antar and Dasgupta, Amites},
     TITLE = {Random walks in i.i.d. random environment on {C}ayley trees},
   JOURNAL = {Statist. Probab. Lett.},
  FJOURNAL = {Statistics \& Probability Letters},
    VOLUME = {92},
      YEAR = {2014},
     PAGES = {39--44},
      ISSN = {0167-7152},
   MRCLASS = {60K37 (05C81 60G50 60J10)},
  MRNUMBER = {3230470},
       DOI = {10.1016/j.spl.2014.04.026},
       URL = {https://doi.org/10.1016/j.spl.2014.04.026},
}

@ARTICLE{GP17,
   author = {{Guo}, X. and {Peterson}, J.},
    title = "{Berry-Esseen estimates for regenerative processes under weak moment assumptions}",
  journal = {ArXiv e-prints},
archivePrefix = "arXiv",
   eprint = {1708.07162},
 primaryClass = "math.PR",
 keywords = {Mathematics - Probability, 60F05, 60K15, 60K37},
     year = 2017,
    month = aug,
   adsurl = {http://adsabs.harvard.edu/abs/2017arXiv170807162G},
  adsnote = {Provided by the SAO/NASA Astrophysics Data System}
}

@article {DGPZ02,
    AUTHOR = {Dembo, Amir and Gantert, Nina and Peres, Yuval and Zeitouni,
              Ofer},
     TITLE = {Large deviations for random walks on {G}alton-{W}atson trees:
              averaging and uncertainty},
   JOURNAL = {Probab. Theory Related Fields},
  FJOURNAL = {Probability Theory and Related Fields},
    VOLUME = {122},
      YEAR = {2002},
    NUMBER = {2},
     PAGES = {241--288},
      ISSN = {0178-8051},
   MRCLASS = {60K37 (60F10 60J80 82B41 82B44)},
  MRNUMBER = {1894069},
MRREVIEWER = {Boualem Djehiche},
       DOI = {10.1007/s004400100162},
       URL = {https://doi.org/10.1007/s004400100162},
}

@article {A10,
    AUTHOR = {Aid\'{e}kon, Elie},
     TITLE = {Large deviations for transient random walks in random
              environment on a {G}alton-{W}atson tree},
   JOURNAL = {Ann. Inst. Henri Poincar\'{e} Probab. Stat.},
  FJOURNAL = {Annales de l'Institut Henri Poincar\'{e} Probabilit\'{e}s et
              Statistiques},
    VOLUME = {46},
      YEAR = {2010},
    NUMBER = {1},
     PAGES = {159--189},
      ISSN = {0246-0203},
   MRCLASS = {60K37 (60F10 60F15 60J80)},
  MRNUMBER = {2641775},
MRREVIEWER = {Jean B\'{e}rard},
       DOI = {10.1214/09-AIHP204},
       URL = {https://doi.org/10.1214/09-AIHP204},
}

@incollection {ER84,
    AUTHOR = {Erd\H{o}s, P. and R\'{e}v\'{e}sz, P.},
     TITLE = {On the favourite points of a random walk},
 BOOKTITLE = {Mathematical structure---computational
              mathematics---mathematical modelling, 2},
     PAGES = {152--157},
 PUBLISHER = {Publ. House Bulgar. Acad. Sci., Sofia},
      YEAR = {1984},
   MRCLASS = {60J15 (60F15)},
  MRNUMBER = {790875},
MRREVIEWER = {F. L. Spitzer},
}

@article {HS16,
    AUTHOR = {Hu, Yueyun and Shi, Zhan},
     TITLE = {The slow regime of randomly biased walks on trees},
   JOURNAL = {Ann. Probab.},
  FJOURNAL = {The Annals of Probability},
    VOLUME = {44},
      YEAR = {2016},
    NUMBER = {6},
     PAGES = {3893--3933},
      ISSN = {0091-1798},
   MRCLASS = {60J80 (60G50 60K37)},
  MRNUMBER = {3572327},
MRREVIEWER = {Pierre Debs},
       DOI = {10.1214/15-AOP1064},
       URL = {https://doi.org/10.1214/15-AOP1064},
}

@article {AD14,
    AUTHOR = {Andreoletti, P. and Debs, P.},
     TITLE = {The number of generations entirely visited for recurrent
              random walks in a random environment},
   JOURNAL = {J. Theoret. Probab.},
  FJOURNAL = {Journal of Theoretical Probability},
    VOLUME = {27},
      YEAR = {2014},
    NUMBER = {2},
     PAGES = {518--538},
      ISSN = {0894-9840},
   MRCLASS = {60J55 (60G50 60J80 60K37 82D30)},
  MRNUMBER = {3195824},
MRREVIEWER = {Zakhar Kabluchko},
       DOI = {10.1007/s10959-012-0449-9},
       URL = {https://doi.org/10.1007/s10959-012-0449-9},
}

@article {F11,
    AUTHOR = {Faraud, Gabriel},
     TITLE = {A central limit theorem for random walk in a random
              environment on marked {G}alton-{W}atson trees},
   JOURNAL = {Electron. J. Probab.},
  FJOURNAL = {Electronic Journal of Probability},
    VOLUME = {16},
      YEAR = {2011},
     PAGES = {no. 6, 174--215},
      ISSN = {1083-6489},
   MRCLASS = {60K37 (60F05 60J80)},
  MRNUMBER = {2754802},
MRREVIEWER = {Jean-Fran\c{c}ois Delmas},
       DOI = {10.1214/EJP.v16-851},
       URL = {https://doi.org/10.1214/EJP.v16-851},
}

@article {N02,
    AUTHOR = {Nagy, Katalin},
     TITLE = {Symmetric random walk in random environment in one dimension},
   JOURNAL = {Period. Math. Hungar.},
  FJOURNAL = {Periodica Mathematica Hungarica. Journal of the J\'{a}nos Bolyai
              Mathematical Society},
    VOLUME = {45},
      YEAR = {2002},
    NUMBER = {1-2},
     PAGES = {101--120},
      ISSN = {0031-5303},
   MRCLASS = {60K37 (60K35)},
  MRNUMBER = {1955197},
MRREVIEWER = {Ilie A. Grigorescu},
       DOI = {10.1023/A:1022354131403},
       URL = {https://doi.org/10.1023/A:1022354131403},
}

@article {AKS82,
    AUTHOR = {Anshelevich, V. V. and Khanin, K. M. and Sina\u{\i}, Ya. G.},
     TITLE = {Symmetric random walks in random environments},
   JOURNAL = {Comm. Math. Phys.},
  FJOURNAL = {Communications in Mathematical Physics},
    VOLUME = {85},
      YEAR = {1982},
    NUMBER = {3},
     PAGES = {449--470},
      ISSN = {0010-3616},
   MRCLASS = {60J15 (60F05 60K35 82A70)},
  MRNUMBER = {678156},
MRREVIEWER = {N. H. Bingham},
       URL = {http://projecteuclid.org/euclid.cmp/1103921487},
}

@article {AV81,
    AUTHOR = {Anshelevich, V. V. and Vologodski\u{\i}, A. V.},
     TITLE = {Laplace operator and random walk on one-dimensional
              nonhomogeneous lattice},
   JOURNAL = {J. Statist. Phys.},
  FJOURNAL = {Journal of Statistical Physics},
    VOLUME = {25},
      YEAR = {1981},
    NUMBER = {3},
     PAGES = {419--430},
      ISSN = {0022-4715},
   MRCLASS = {82A05 (60J15 60K35)},
  MRNUMBER = {630353},
       DOI = {10.1007/BF01010797},
       URL = {https://doi.org/10.1007/BF01010797},
}

@article {KV86,
    AUTHOR = {Kipnis, C. and Varadhan, S. R. S.},
     TITLE = {Central limit theorem for additive functionals of reversible
              {M}arkov processes and applications to simple exclusions},
   JOURNAL = {Comm. Math. Phys.},
  FJOURNAL = {Communications in Mathematical Physics},
    VOLUME = {104},
      YEAR = {1986},
    NUMBER = {1},
     PAGES = {1--19},
      ISSN = {0010-3616},
   MRCLASS = {60F17 (60J05 60K35)},
  MRNUMBER = {834478},
MRREVIEWER = {H. Kesten},
       URL = {http://projecteuclid.org/euclid.cmp/1104114929},
}

@article{GS19,
  title={The speed of the tagged particle in the exclusion process on Galton-Watson trees},
  author={Gantert, Nina and Schmid, Dominik},
  year={2019},
}


@article {LPP95E,
    AUTHOR = {Lyons, Russell and Pemantle, Robin and Peres, Yuval},
     TITLE = {Ergodic theory on {G}alton-{W}atson trees: speed of random
              walk and dimension of harmonic measure},
   JOURNAL = {Ergodic Theory Dynam. Systems},
  FJOURNAL = {Ergodic Theory and Dynamical Systems},
    VOLUME = {15},
      YEAR = {1995},
    NUMBER = {3},
     PAGES = {593--619},
      ISSN = {0143-3857},
   MRCLASS = {60J15 (60J80)},
  MRNUMBER = {1336708},
MRREVIEWER = {Ben Hambly},
       DOI = {10.1017/S0143385700008543},
       URL = {https://doi.org/10.1017/S0143385700008543},
}

@article {LPP96B,
    AUTHOR = {Lyons, Russell and Pemantle, Robin and Peres, Yuval},
     TITLE = {Biased random walks on {G}alton-{W}atson trees},
   JOURNAL = {Probab. Theory Related Fields},
  FJOURNAL = {Probability Theory and Related Fields},
    VOLUME = {106},
      YEAR = {1996},
    NUMBER = {2},
     PAGES = {249--264},
      ISSN = {0178-8051},
   MRCLASS = {60J80 (60J15)},
  MRNUMBER = {1410689},
MRREVIEWER = {Ben Hambly},
       DOI = {10.1007/s004400050064},
       URL = {https://doi.org/10.1007/s004400050064},
}

@article{R17,
  title={Dimension Drop for Transient Random Walks on Galton-Watson Trees in Random Environments},
  author={Rousselin, Pierre},
  journal={arXiv preprint arXiv:1711.07920},
  year={2017}
}

@book {LP14,
    AUTHOR = {Lyons, Russell and Peres, Yuval},
     TITLE = {Probability on trees and networks},
    SERIES = {Cambridge Series in Statistical and Probabilistic Mathematics},
    VOLUME = {42},
 PUBLISHER = {Cambridge University Press, New York},
      YEAR = {2016},
     PAGES = {xv+699},
      ISBN = {978-1-107-16015-6},
   MRCLASS = {60C05 (05C05 05C81 28A80 60J10 60J80 60K35 82B41)},
  MRNUMBER = {3616205},
MRREVIEWER = {Laurent Miclo},
       DOI = {10.1017/9781316672815},
       URL = {https://doi.org/10.1017/9781316672815},
}

@article {CCGS19,
    AUTHOR = {Chen, Dayue and Chen, Peng and Gantert, Nina and Schmid,
              Dominik},
     TITLE = {Limit theorems for the tagged particle in exclusion processes
              on regular trees},
   JOURNAL = {Electron. Commun. Probab.},
  FJOURNAL = {Electronic Communications in Probability},
    VOLUME = {24},
      YEAR = {2019},
     PAGES = {Paper No. 2, 10},
      ISSN = {1083-589X},
   MRCLASS = {60K35},
  MRNUMBER = {3908647},
       DOI = {10.1214/18-ECP205},
       URL = {https://doi.org/10.1214/18-ECP205},
}